@article{Versorgungsatlas2017,
    doi = {10.20364/va-19.05},
    author = {Steffen,  Annika and Holstiege,  Jakob and Akmatov,  Manas K. and B\"{a}tzing,  J\"{o}rg},
    title = {Zeitliche Trends in der Diagnosepr\"{a}valenz depressiver St\"{o}rungen: eine Analyse auf Basis bundesweiter vertrags\"{a}rztlicher Abrechnungsdaten der Jahre 2009 bis 2017},
    publisher = {Zentralinstitut f\"{u}r die kassen\"{a}rztliche Versorgung in Deutschland (Zi)},
    year = {2019}
}